@inproceedings{wang2014human,
  title={Human activity recognition using smart phone embedded sensors: A Linear Dynamical Systems method},
  author={Wang, Wen and Liu, Huaping and Yu, Lianzhi and Sun, Fuchun},
  booktitle={Neural Networks (IJCNN), 2014 International Joint Conference on},
  pages={1185--1190},
  year={2014},
  organization={IEEE}
}

@article{kwapisz2011activity,
	title={Activity recognition using cell phone accelerometers},
	author={Kwapisz, Jennifer R and Weiss, Gary M and Moore, Samuel A},
	journal={ACM SigKDD Explorations Newsletter},
	volume={12},
	number={2},
	pages={74--82},
	year={2011},
	publisher={ACM}
}

@article{karasikov24feature,
	title={Feature-Based Time-Series Classification},
	author={Karasikov, ME and Strijov, VV},
	journal={Intelligence},
	volume={24},
	number={1},
	pages={164--181}
}

@article{ivkin,
	title={Time series classification algorithm using combined feature description},
	author={Kuznetsov, M.P. and Ivkin N.P.},
	journal={Machine Learning and Data Analysis},
	volume={1},
	number={11},
	pages={1471--1483}
}

@article{lukashin2003adaptive,
	title={Adaptive methods of short-term forecasting of time series},
	author={Lukashin, Yu P},
	journal={M.: Finance and statistics},
	year={2003}
}

@article{hassani2007singular,
	title={Singular spectrum analysis: methodology and comparison},
	author={Hassani, Hossein},
	year={2007},
	publisher={Cardiff University and Central Bank of the Islamic Republic of Iran}
}

@misc{wisdm,
	title = {WISDM dataset},
	howpublished = "\url{http://www.cis.fordham.edu/wisdm/dataset.php}"
}

@misc{usc,
	title = {The USC Human Activity Dataset},
	howpublished = "\url{http://www-scf.usc.edu/~mizhang/datasets.html}"
}

@inproceedings{geurts2001pattern,
	title={Pattern extraction for time series classification},
	author={Geurts, Pierre},
	booktitle={European Conference on Principles of Data Mining and Knowledge Discovery},
	pages={115--127},
	year={2001},
	organization={Springer}
}